<?xml version="1.0" encoding="UTF-8"?><collection xmlns="http://www.loc.gov/MARC21/slim"><record><leader>00372nam--2200133-i-4500</leader><controlfield tag="001">000019780</controlfield><controlfield tag="002">20161230</controlfield><controlfield tag="005">20161230201033</controlfield><controlfield tag="008">060222s1000------------r-----000-0-eng-d</controlfield><datafield ind1=" " ind2=" " tag="245"><subfield code="a">Engineering fundamentals and environmental effects</subfield></datafield><datafield ind1=" " ind2=" " tag="260"><subfield code="a">New York, Academic Press, 1971. Xx + 753 P</subfield></datafield><datafield ind1=" " ind2=" " tag="490"><subfield code="a">Fracture An Advances Treatise</subfield></datafield><datafield ind1=" " ind2=" " tag="700"><subfield code="a">Liebowitz, H</subfield></datafield><datafield ind1=" " ind2=" " tag="852"><subfield code="a">46648</subfield></datafield></record></collection>